@Article{Lam_2017,
  doi = {10.1371/journal.pntd.0005498},
  url = {https://doi.org/10.1371/journal.pntd.0005498},
  year = {2017},
  month = {apr},
  publisher = {Public Library of Science ({PLoS})},
  volume = {11},
  number = {4},
  pages = {e0005498},
  author = {Phung Khanh Lam and Tran Van Ngoc and Truong Thi Thu Thuy and Nguyen Thi Hong Van and Tran Thi Nhu Thuy and Dong Thi Hoai Tam and Nguyen Minh Dung and Nguyen Thi Hanh Tien and Nguyen Tan Thanh Kieu and Cameron Simmons and Bridget Wills and Marcel Wolbers},
  editor = {William B Messer},
  title = {The value of daily platelet counts for predicting dengue shock syndrome: Results from a prospective observational study of 2301 Vietnamese children with dengue},
  journal = {{PLOS} Neglected Tropical Diseases},
}
